

@online{NETCUP:1,
   author		= {Netcup},
   title		= {netcup - Webhosting, vServer, Servermanagement},
   howpublished = {\url {http://netcup.de/}},
   note			= {zuletzt besucht: 09.09.2015}
}

@online{NETCUP:2,
   author		= {Netcup},
   title		= {netcup - Webhosting, vServer, Servermanagement},
   howpublished = {\url {https://www.netcup.de/vserver/#features}},
   note			= {zuletzt besucht: 09.09.2015}
}

@online{HOWTO:1,
   author		= {Thomas Krenn},
   title		= {SSH Login unter Debian mit fail2ban absichern},
   howpublished = {\url {https://www.thomas-krenn.com/de/wiki/SSH_Login_unter_Debian_mit_fail2ban_absichern}},
   note			= {zuletzt besucht: 09.09.2015}
}

@online{HOWTO:2,
   author		= {Thomas Krenn},
   title		= {Iptables Firewall Regeln dauerhaft speichern},
   howpublished = {\url {https://www.thomas-krenn.com/de/wiki/Iptables_Firewall_Regeln_dauerhaft_speichern}},
   note			= {zuletzt besucht: 21.09.2015}
}

@online{CERT:1,
   author		= {Netcup},
   title		= {Thawte SSL123 Zertifikat 1 Jahr},
   howpublished = {\url {https://www.netcup.de/bestellen/produkt.php?produkt=263}},
   note			= {zuletzt besucht: 12.10.2015}
}

@online{CERT:2,
   author		= {Netcup Wiki},
   title		= {Key und CSR erstellen},
   howpublished = {\url {http://www.netcup-wiki.de/wiki/Key_und_CSR_erstellen}},
   note			= {zuletzt besucht: 12.10.2015}
}

@online{CERT:3,
   author		= {Mitchell Anicas},
   title		= {How To Install an SSL Certificate from a Commercial Certificate Authority},
   howpublished = {\url {https://www.digitalocean.com/community/tutorials/how-to-install-an-ssl-certificate-from-a-commercial-certificate-authority}},
   note			= {zuletzt besucht: 12.10.2015}
}

@online{GUNICORN:1,
   author		= {Justin Ellingwood},
   title		= {How To Set Up Django with Postgres, Nginx, and Gunicorn on Ubuntu 14.04},
   howpublished = {\url {https://www.digitalocean.com/community/tutorials/how-to-set-up-django-with-postgres-nginx-and-gunicorn-on-ubuntu-14-04}},
   note			= {zuletzt besucht: 18.10.2015}
}

@online{GUNICORN:2,
   author		= {DigitalOcean},
   title		= {How To Install and Manage Supervisor on Ubuntu and Debian VPS},
   howpublished = {\url {https://www.digitalocean.com/community/tutorials/how-to-install-and-manage-supervisor-on-ubuntu-and-debian-vps}},
   note			= {zuletzt besucht: 18.10.2015}
}

