@Book{bk_key,
	Author					= {Some Author},
	Title					= {Some Title},
	Publisher				= {Some Publisher},
	Year					= {Year},
	Edition					= {Number},
	ISBN					= {Some ISBN}
}

@Unpublished{up_key,
	Title                    = {Some Title},
	Author                   = {Who wrote it},
	Note                     = {URL if it is online},
	Year                     = {Year}
}
